<record><leader>00000cas a2200000 i 4500</leader><controlfield tag="001">15112494</controlfield><controlfield tag="008">870126d18781889inuwr ne      0    0eng c</controlfield><datafield ind1=" " ind2=" " tag="010"><subfield code="a">sn 87055107 </subfield></datafield><datafield ind1=" " ind2=" " tag="040"><subfield code="a">NPI</subfield><subfield code="b">eng</subfield><subfield code="e">rda</subfield><subfield code="c">NPI</subfield><subfield code="d">OCLCQ</subfield><subfield code="d">IUL</subfield><subfield code="d">OCLCF</subfield></datafield><datafield ind1=" " ind2=" " tag="042"><subfield code="a">pcc</subfield></datafield><datafield ind1=" " ind2=" " tag="043"><subfield code="a">n-us-in</subfield></datafield><datafield ind1="0" ind2=" " tag="130"><subfield code="a">Rochester Republican (Rochester, Ind. : 1878)</subfield></datafield><datafield ind1="1" ind2="0" tag="245"><subfield code="a">Rochester Republican.</subfield></datafield><datafield ind1=" " ind2="1" tag="264"><subfield code="a">Rochester, Ind. :</subfield><subfield code="b">W.H. Mattingly &amp; Co.,</subfield><subfield code="c">1878-1889</subfield></datafield><datafield ind1=" " ind2=" " tag="300"><subfield code="a">32 volumes</subfield></datafield><datafield ind1=" " ind2=" " tag="310"><subfield code="a">Weekly</subfield></datafield><datafield ind1=" " ind2=" " tag="336"><subfield code="a">text</subfield><subfield code="b">txt</subfield><subfield code="2">rdacontent</subfield></datafield><datafield ind1=" " ind2=" " tag="337"><subfield code="a">unmediated</subfield><subfield code="b">n</subfield><subfield code="2">rdamedia</subfield></datafield><datafield ind1=" " ind2=" " tag="338"><subfield code="a">volume</subfield><subfield code="b">nc</subfield><subfield code="2">rdacarrier</subfield></datafield><datafield ind1="0" ind2=" " tag="362"><subfield code="a">Volume 1, number 30 (July 6, 1878)-v. 32, no. 2 (Jan. 31, 1889).</subfield></datafield><datafield ind1=" " ind2=" " tag="500"><subfield code="a">Title from masthead</subfield></datafield><datafield ind1=" " ind2=" " tag="580"><subfield code="a">Also published in daily editions called: Rochester daily Republican.</subfield></datafield><datafield ind1=" " ind2="0" tag="651"><subfield code="a">Rochester (Ind.)</subfield><subfield code="v">Newspapers.</subfield></datafield><datafield ind1=" " ind2="0" tag="651"><subfield code="a">Fulton County (Ind.)</subfield><subfield code="v">Newspapers.</subfield></datafield><datafield ind1=" " ind2="7" tag="655"><subfield code="a">Newspapers.</subfield><subfield code="2">fast</subfield><subfield code="0">(OCoLC)fst01423814</subfield></datafield><datafield ind1=" " ind2="7" tag="651"><subfield code="a">Indiana</subfield><subfield code="z">Fulton County.</subfield><subfield code="2">fast</subfield><subfield code="0">(OCoLC)fst01204173</subfield></datafield><datafield ind1=" " ind2="7" tag="651"><subfield code="a">Indiana</subfield><subfield code="z">Rochester.</subfield><subfield code="2">fast</subfield><subfield code="0">(OCoLC)fst01227015</subfield></datafield><datafield ind1=" " ind2=" " tag="752"><subfield code="a">United States</subfield><subfield code="b">Indiana</subfield><subfield code="c">Fulton</subfield><subfield code="d">Rochester.</subfield></datafield><datafield ind1="1" ind2=" " tag="775"><subfield code="t">Rochester daily Republican (Rochester, Ind. : 1881)</subfield><subfield code="w">(DLC)sn 87055101</subfield><subfield code="w">(OCoLC)15112547</subfield></datafield><datafield ind1="1" ind2=" " tag="775"><subfield code="t">Rochester daily Republican (Rochester, Ind. : 1886)</subfield><subfield code="w">(DLC)sn 87055120</subfield><subfield code="w">(OCoLC)15112345</subfield></datafield><datafield ind1="0" ind2="0" tag="780"><subfield code="t">Rochester independent (Rochester, Ind.)</subfield><subfield code="w">(DLC)sn 87055103</subfield><subfield code="w">(OCoLC)15106532</subfield></datafield><datafield ind1="0" ind2="0" tag="785"><subfield code="t">Rochester weekly Republican (Rochester, Ind. : 1889)</subfield><subfield code="w">(DLC)sn 87055098</subfield><subfield code="w">(OCoLC)15112508</subfield></datafield><datafield ind1="4" ind2="1" tag="856"><subfield code="u">https://access.newspaperarchive.com/us/indiana/rochester/rochester-republican/</subfield></datafield></record>